@article{prezza2016fast,
  title={{Fast, accurate, and lightweight analysis of BS-treated reads with ERNE 2}},
  author={Prezza, Nicola and Vezzi, Francesco and K{\"a}ller, Max and Policriti, Alberto},
  journal={BMC bioinformatics},
  volume={17},
  number={4},
  pages={69},
  year={2016},
  publisher={BioMed Central}
}

@article{policriti2015fast1,
  title={{Fast randomized approximate string matching with succinct hash data structures}},
  author={Policriti, Alberto and Prezza, Nicola},
  journal={BMC bioinformatics},
  volume={16},
  number={9},
  pages={S4},
  year={2015},
  publisher={BioMed Central}
}

@article{engstrom2017transcriptomics,
  title={{Transcriptomics and methylomics of CD4-positive T cells in arsenic-exposed women}},
  author={Engstr{\"o}m, Karin and Wojdacz, Tomasz K and Marabita, Francesco and Ewels, Philip and K{\"a}ller, Max and Vezzi, Francesco and Prezza, Nicola and Gruselius, Joel and Vahter, Marie and Broberg, Karin},
  journal={Archives of toxicology},
  volume={91},
  number={5},
  pages={2067--2078},
  year={2017},
  publisher={Springer}
}

@Article{Policriti2017,
author="Policriti, Alberto
and Prezza, Nicola",
title={{LZ77 Computation Based on the Run-Length Encoded BWT}},
journal="Algorithmica",
year="2017",
month="Jul",
day="17",
issn="1432-0541",
doi="10.1007/s00453-017-0327-z",
url="https://doi.org/10.1007/s00453-017-0327-z"
}




@inproceedings{kempa2018roots,
  title={{At the Roots of Dictionary Compression: String Attractors}},
  author={Kempa, Dominik and Prezza, Nicola},
  booktitle={To appear in proceedings of the 50th Annual ACM Symposium on the Theory of Computing (STOC)},
  year={2018}
}




@inproceedings{prezzaSparse,
	title={{In-Place Sparse Suffix Sorting}},
	author={Prezza, Nicola},
	booktitle={Proceedings of the Twenty-Ninth Annual {ACM-SIAM} Symposium on Discrete
	Algorithms, {SODA} 2018, New Orleans, NA, USA, January 7-10, 2018},	
  	pages={1496--1508},
	year={2018},
	organization={SIAM}
}

@inproceedings{prezzaOptimal,
	title={{Optimal-Time Text Indexing in BWT-runs Bounded Space}},
	author={Gagie, Travis and Navarro, Gonzalo and Prezza, Nicola},
	booktitle={Proceedings of the Twenty-Ninth Annual {ACM-SIAM} Symposium on Discrete
	Algorithms, {SODA} 2018, New Orleans, NA, USA, January 7-10, 2018},	
	pahes={1459--1477},
	year={2018},
	organization={SIAM},
	note={Accepted for publication. Preprint available at: https://arxiv.org/abs/1705.10382}
}

@inproceedings{billeFenwick,
  title={{Succinct Partial Sums and Fenwick Trees}},
  author={Bille, Philip and Christiansen, Anders Roy and Prezza, Nicola and Skjoldjensen, Frederik Rye},
  booktitle={International Symposium on String Processing and Information Retrieval (proceedings to appear)},
  year={2017},
  organization={Springer}
}

@inproceedings{policriti2017lz77,
  title={{From LZ77 to the Run-Length Encoded Burrows-Wheeler Transform, and Back}},
  author={Policriti, Alberto and Prezza, Nicola},
  booktitle={Annual Symposium on Combinatorial Pattern Matching (proceedings to appear)},
  year={2017},
  organization={Springer}
}


@inproceedings{bille2017space,
  title={{Space-Efficient Re-Pair Compression}},
  author={Bille, Philip and G{\o}rtz, Inge Li and Prezza, Nicola},
  booktitle={Data Compression Conference (DCC), 2017},
  pages={171--180},
  year={2017},
  organization={IEEE}
}

@inproceedings{belazzougui2017flexible,
  title={{Flexible Indexing of Repetitive Collections}},
  author={Belazzougui, Djamal and Cunial, Fabio and Gagie, Travis and Prezza, Nicola and Raffinot, Mathieu},
  booktitle={Conference on Computability in Europe},
  pages={162--174},
  year={2017},
  organization={Springer}
}

@inproceedings{prezzaFramework,
  title={{A Framework of Dynamic Data Structures for String Processing}},
  author={Prezza, Nicola},
  booktitle={International Symposium on Experimental Algorithms (proceedings to appear)},
  year={2017},
  organization={Springer}
}

@inproceedings{policriti2016computing,
  title={{Computing LZ77 in run-compressed space}},
  author={Policriti, Alberto and Prezza, Nicola},
  booktitle={Data Compression Conference (DCC), 2016},
  pages={23--32},
  year={2016},
  organization={IEEE}
}

@inproceedings{belazzougui2015composite,
  title={Composite repetition-aware data structures},
  author={Belazzougui, Djamal and Cunial, Fabio and Gagie, Travis and Prezza, Nicola and Raffinot, Mathieu},
  booktitle={Annual Symposium on Combinatorial Pattern Matching},
  pages={26--39},
  year={2015},
  organization={Springer}
}

@inproceedings{policriti2015fast2,
  title={{Fast online Lempel-Ziv factorization in compressed space}},
  author={Policriti, Alberto and Prezza, Nicola},
  booktitle={International Symposium on String Processing and Information Retrieval},
  pages={13--20},
  year={2015},
  organization={Springer}
}

@inproceedings{policriti2015average,
  title={{Average linear time and compressed space construction of the Burrows-Wheeler transform}},
  author={Gigante, Nicola and Policriti, Alberto and Prezza, Nicola},
  booktitle={International Conference on Language and Automata Theory and Applications},
  pages={587--598},
  year={2015},
  organization={Springer}
}

@inproceedings{policriti2014hashing,
  title={{Hashing and indexing: Succinct datastructures and smoothed analysis}},
  author={Policriti, Alberto and Prezza, Nicola},
  booktitle={International Symposium on Algorithms and Computation},
  pages={157--168},
  year={2014},
  organization={Springer}
}

@inproceedings{prezza2012erne,
  title={{ERNE-BS5: aligning BS-treated sequences by multiple hits on a 5-letters alphabet}},
  author={Prezza, Nicola and Del Fabbro, Cristian and Vezzi, Francesco and De Paoli, Emanuale and Policriti, Alberto},
  booktitle={Proceedings of the ACM conference on bioinformatics, computational biology and biomedicine},
  pages={12--19},
  year={2012},
  organization={ACM}
}

